@ARTICLE{2,
  author={Ziv, J. and Lempel, A.},
  journal={IEEE Transactions on Information Theory}, 
  title={Compression of individual sequences via variable-rate coding}, 
  year={1978},
  volume={24},
  number={5},
  pages={530-536},
  keywords={},
  doi={10.1109/TIT.1978.1055934}}

@article{3,
  title={A technique for high-performance data compression},
  author={Welch, Terry A.},
  journal={Computer},
  volume={17},
  number={06},
  pages={8--19},
  year={1984},
  publisher={IEEE Computer Society}
}

@article{1,
  title={A universal algorithm for sequential data compression},
  author={Jacob Ziv and Abraham Lempel},
  journal={IEEE Trans. Inf. Theory},
  year={1977},
  volume={23},
  pages={337-343},
  url={https://api.semanticscholar.org/CorpusID:9267632}
}
